@Article{Hall2006,
  author    = {Hall, John L.},
  journal   = {Rev. Mod. Phys.},
  pages     = {1279--1295},
  title     = {Nobel Lecture: Defining and measuring optical frequencies},
  volume    = {78},
  year      = {2006},
  month     = {Nov},
  doi       = {10.1103/RevModPhys.78.1279},
  issue     = {4},
  publisher = {American Physical Society},
  url       = {http://link.aps.org/doi/10.1103/RevModPhys.78.1279},
}

@Article{Hansch2006,
  author    = {H\"{a}nsch, Theodor W.},
  journal   = {Rev. Mod. Phys.},
  pages     = {1297--1309},
  title     = {Nobel Lecture: Passion for precision},
  volume    = {78},
  year      = {2006},
  month     = {Nov},
  doi       = {10.1103/RevModPhys.78.1297},
  issue     = {4},
  publisher = {American Physical Society},
  url       = {http://link.aps.org/doi/10.1103/RevModPhys.78.1297},
}
